@book{leary,
  atuhor="Frederick Leary",
  title="The Earl of Chester's Regiment of Yeomanry Cavalry, Its Formation and Services, 1797-1897",
  year="1989",
  publisher="Ballantyne Press, Edinburgh"
}
